@web_page{Meth,
   author = {John Meth},
   journal = {University of Texas},
   title = {Harmonic Oscillators},
   year = {2023},
}
@web_page{Blinder,
   author = {Seymour Blinder},
   journal = {LibreTexts Chemistry},
   month = {1},
   title = {Harmonic Oscillator},
   year = {2023},
}
