@article{Knoll,
   author = {Glenn F. Knoll},
   title = {Radiation Detection and Measurement, 3rd ed},
   year = {2000},
}
@article{Centronic,
   author = {Centronic},
   title = {Geiger Muller tubes},
}
@report{Spectrum,
   author = {Spectrum Techniques LLC},
   title = {Spectrum Techniques Lab Manual Student Version},
   year = {2014},
}


@article{Shielding,
	author = {NIST},
	title = {National Institute for Science and Technology},
	year = {1996}
}

